@article{Hamd01,
  author={Ehsan, Samina and Hamdaoui, Bechir},
  journal={IEEE Communications Surveys   Tutorials}, 
  title={A Survey on Energy-Efficient Routing Techniques with QoS Assurances for Wireless Multimedia Sensor Networks}, 
  year={2012},
  volume={14},
  number={2},
  pages={265-278},
  doi={10.1109/SURV.2011.020211.00058}
}

@article{Inaf02,
  title = {A survey on wireless multimedia sensor networks},
  journal = {Computer Networks},
  volume = {51},
  number = {4},
  pages = {921-960},
  year = {2007},
  issn = {1389-1286},
  doi = {https://doi.org/10.1016/j.comnet.2006.10.002},
  url = {https://www.sciencedirect.com/science/article/pii/S1389128606002751},
  author = {Ian F. Akyildiz and Tommaso Melodia and Kaushik R. Chowdhury},  
}

@article{Ianf03,
  author={Akyildiz, Ian F. and Melodia, Tommaso and Chowdury, Kaushik R.},
  journal={IEEE Wireless Communications}, 
  title={Wireless multimedia sensor networks: A survey}, 
  year={2007},
  volume={14},
  number={6},
  pages={32-39},
  doi={10.1109/MWC.2007.4407225}
}

@article{Mar04,
  author = {Alnuaimi, Mariam and Sallabi, Farag and Shuaib, Khaled},
  year = {2011},
  month = {04},
  pages = {},
  title = {A survey of Wireless Multimedia Sensor Networks challenges and solutions},
  journal = {2011 International Conference on Innovations in Information Technology, IIT 2011},
  doi = {10.1109/INNOVATIONS.2011.5893815}
}
